<?xml version="1.0" encoding="UTF-8"?><collection xmlns="http://www.loc.gov/MARC21/slim"><record><leader>00590nam--2200193-i-4500</leader><controlfield tag="001">000015568</controlfield><controlfield tag="002">20161230</controlfield><controlfield tag="005">20161230201031</controlfield><controlfield tag="008">060222s1000------------r-----000-0-eng-d</controlfield><datafield ind1=" " ind2=" " tag="020"><subfield code="a">9027705860</subfield></datafield><datafield ind1=" " ind2=" " tag="040"><subfield code="a">IFIN-HH</subfield></datafield><datafield ind1=" " ind2=" " tag="080"><subfield code="a">548.8</subfield></datafield><datafield ind1="1" ind2=" " tag="100"><subfield code="a">Levy, F</subfield></datafield><datafield ind1="1" ind2="0" tag="245"><subfield code="a">Crystallography and crystal chemistry of materials with layered structures</subfield><subfield code="c">F. levy (ed.)</subfield></datafield><datafield ind1=" " ind2=" " tag="260"><subfield code="a">Dordrecht</subfield><subfield code="b">D.Reidel Publishing Company</subfield><subfield code="c">1976</subfield></datafield><datafield ind1=" " ind2=" " tag="300"><subfield code="a">VII+369P</subfield></datafield><datafield ind1=" " ind2=" " tag="490"><subfield code="a">Physics And Chemistry Of Materials With Layered Structures</subfield><subfield code="v">Volume 2</subfield></datafield><datafield ind1=" " ind2=" " tag="852"><subfield code="a">70462</subfield><subfield code="c">539.2</subfield></datafield><datafield ind1=" " ind2=" " tag="CAT"><subfield code="a">Sys</subfield><subfield code="c">20121105</subfield><subfield code="h">174448</subfield></datafield></record></collection>